<?xml version="1.0" encoding="UTF-8"?><collection xmlns="http://www.loc.gov/MARC21/slim"><record><leader>00445nam--2200145-i-4500</leader><controlfield tag="001">000012512</controlfield><controlfield tag="002">20161230</controlfield><controlfield tag="005">20161230201029</controlfield><controlfield tag="008">060222s1000------------r-----000-0-eng-d</controlfield><datafield ind1=" " ind2=" " tag="080"><subfield code="a">546.799.4:669.824(042.3)</subfield></datafield><datafield ind1=" " ind2=" " tag="100"><subfield code="a">Boisaon, Par H</subfield></datafield><datafield ind1=" " ind2=" " tag="245"><subfield code="a">Demontage - decoupage - elimination d`un four de grande capacite pour fusion de plutonium</subfield></datafield><datafield ind1=" " ind2=" " tag="260"><subfield code="a">Paris, Commissariat A L`Energie Atomique, 1969 24 P. + 6 Fig</subfield></datafield><datafield ind1=" " ind2=" " tag="490"><subfield code="a">Sm</subfield></datafield><datafield ind1=" " ind2=" " tag="852"><subfield code="a">45570</subfield></datafield></record></collection>